@PerlByExample{PerlByExample,
ALTauthor = {Ellie Quigley},
ALTeditor = {},
title = {Perl by example fourth edition},
publisher = {Prentice Hall},
author = {Ellie Quigley}
year = {2007},
OPTkey = {},
OPTvolume = {},
OPTnumber = {},
OPTseries = {},
OPTaddress = {},
OPTedition = {},
OPTmonth = {},
OPTnote = {},
OPTannote = {}
}

@Book{AdvancedPerl,
ALTauthor = {},
ALTeditor = {},
title = {Advanced Perl Programming},
publisher = {O'Reilly},
author = {Sriram Srinivasan}
year = {1997},
OPTkey = {},
OPTvolume = {},
OPTnumber = {},
OPTseries = {},
OPTaddress = {},
OPTedition = {},
OPTmonth = {},
OPTnote = {},
OPTannote = {}
}

@MANUAL{vrmlSpec,
    title = {VRML International Standard ISO/IEC 14772-1:1997},
	address = {http://www.web3d.org/x3d/specifications/vrml/ISO-IEC-14772-VRML97/},
	url = {www.teset.cm}
}

@MastersThesis{masterVis,
author = {Werner Putz},
title = {The Hierarchical Visualization System},
school = {Graz University of Technology},
year = {2005},
OPTkey = {},
OPTtype = {},
OPTaddress = {},
OPTmonth = {},
OPTnote = {},
OPTannote = {}
}

@Misc{lcfgGuide,
title={The complete guide to LCFG},
author={Paul Anderson}
address={http://www.lcfg.org/doc/guide.pdf}
OPTkey = {},
OPTauthor = {},
OPTtitle = {},
OPThowpublished = {},
OPTmonth = {},
OPTyear = {},
OPTnote = {},
OPTannote = {}
}

@heatmap
{
heatmapEks,
title={www.curbed.com/2006_08_heatmap.jpg}
}


